<record><leader>00000cas a2200000 i 4500</leader><controlfield tag="001">974039638</controlfield><controlfield tag="006">m     o  d        </controlfield><controlfield tag="007">cr |||||||||||</controlfield><controlfield tag="008">170301d18431874deucr neo     0   a0eng  </controlfield><datafield ind1=" " ind2=" " tag="010"><subfield code="a">  2017218603</subfield></datafield><datafield ind1=" " ind2=" " tag="040"><subfield code="a">DLC</subfield><subfield code="b">eng</subfield><subfield code="e">rda</subfield><subfield code="c">DLC</subfield><subfield code="d">DLC</subfield></datafield><datafield ind1="0" ind2=" " tag="022"><subfield code="a">2572-0252</subfield><subfield code="2">1</subfield></datafield><datafield ind1=" " ind2=" " tag="042"><subfield code="a">pcc</subfield><subfield code="a">nsdp</subfield></datafield><datafield ind1=" " ind2=" " tag="043"><subfield code="a">n-us-de</subfield></datafield><datafield ind1="1" ind2="0" tag="050"><subfield code="a">ISSN RECORD</subfield></datafield><datafield ind1="1" ind2="0" tag="082"><subfield code="a">071</subfield><subfield code="2">23</subfield></datafield><datafield ind1="0" ind2=" " tag="130"><subfield code="a">Delaware Republican (Wilmington, Del.)</subfield></datafield><datafield ind1=" " ind2="0" tag="222"><subfield code="a">Delaware Republican</subfield><subfield code="b">(Wilmington, Del. Online)</subfield></datafield><datafield ind1="1" ind2="0" tag="245"><subfield code="a">Delaware Republican.</subfield></datafield><datafield ind1=" " ind2="1" tag="264"><subfield code="a">Wilmington, Del. :</subfield><subfield code="b">Allderdice, Jeandell &amp; Miles</subfield></datafield><datafield ind1=" " ind2=" " tag="300"><subfield code="a">1 online resource</subfield></datafield><datafield ind1=" " ind2=" " tag="310"><subfield code="a">Semiweekly,</subfield><subfield code="b">1844-</subfield></datafield><datafield ind1=" " ind2=" " tag="321"><subfield code="a">Triweekly,</subfield><subfield code="b">1843</subfield></datafield><datafield ind1=" " ind2=" " tag="336"><subfield code="a">text</subfield><subfield code="b">txt</subfield><subfield code="2">rdacontent</subfield></datafield><datafield ind1=" " ind2=" " tag="337"><subfield code="a">computer</subfield><subfield code="b">c</subfield><subfield code="2">rdamedia</subfield></datafield><datafield ind1=" " ind2=" " tag="338"><subfield code="a">online resource</subfield><subfield code="b">cr</subfield><subfield code="2">rdacarrier</subfield></datafield><datafield ind1="1" ind2=" " tag="362"><subfield code="a">Began in 1843? Ceased in July 1874.</subfield></datafield><datafield ind1=" " ind2=" " tag="500"><subfield code="a">Publisher: Geo. W. Vernon, &lt;January 1-June 29, 1874&gt;.</subfield></datafield><datafield ind1=" " ind2=" " tag="515"><subfield code="a">Vols. for &lt;May 30, 1844-Nov. 18, 1861&gt; called also whole no. &lt;576-5001&gt;.</subfield></datafield><datafield ind1=" " ind2=" " tag="515"><subfield code="a">Issues for &lt;Feb. 24, 1843-Nov. 18, 1861&gt; called: &lt;v. 3, no. 43-v. 25, no. 99&gt;; issue for &lt;June 15, 1865&gt; unnumbered.</subfield></datafield><datafield ind1=" " ind2=" " tag="530"><subfield code="a">Also issued on microfilm from Wilmington Institute Free Library.</subfield></datafield><datafield ind1=" " ind2=" " tag="588"><subfield code="a">Description based on: Vol. 3, number 43 (February 24, 1843); title from masthead (Chroniclingamerica.loc.gov, viewed March 1, 2017).</subfield></datafield><datafield ind1=" " ind2=" " tag="588"><subfield code="a">Latest issue consulted: June 29, 1874 (Chroniclingamerica.loc.gov, viewed March 1, 2017).</subfield></datafield><datafield ind1=" " ind2="0" tag="651"><subfield code="a">Wilmington (Del.)</subfield><subfield code="v">Newspapers.</subfield></datafield><datafield ind1=" " ind2="7" tag="651"><subfield code="a">Delaware</subfield><subfield code="z">Wilmington.</subfield><subfield code="2">fast</subfield><subfield code="0">(OCoLC)fst01203983</subfield></datafield><datafield ind1=" " ind2="7" tag="655"><subfield code="a">Newspapers.</subfield><subfield code="2">fast</subfield><subfield code="0">(OCoLC)fst01423814</subfield></datafield><datafield ind1=" " ind2=" " tag="752"><subfield code="a">United States</subfield><subfield code="b">Delaware</subfield><subfield code="c">New Castle</subfield><subfield code="d">Wilmington.</subfield></datafield><datafield ind1="0" ind2=" " tag="775"><subfield code="t">Delaware weekly Republican</subfield></datafield><datafield ind1="0" ind2="8" tag="776"><subfield code="i">Originally issued in print:</subfield><subfield code="t">Delaware Republican (Wilmington, Del.)</subfield><subfield code="x">2572-0244</subfield><subfield code="w">(DLC)sn 87062253</subfield><subfield code="w">(OCoLC)16074673</subfield></datafield><datafield ind1="0" ind2="0" tag="780"><subfield code="t">Delaware Republican, and farmers', manufacturers', and mechanics' advocate</subfield><subfield code="x">2476-275X</subfield><subfield code="w">(DLC)  2017218602</subfield><subfield code="w">(OCoLC)974008228</subfield></datafield><datafield ind1="0" ind2="0" tag="785"><subfield code="t">Daily Republican (Wilmington, Del. : 1874)</subfield><subfield code="x">2476-2733</subfield><subfield code="w">(DLC)  2017218601</subfield><subfield code="w">(OCoLC)974007796</subfield></datafield><datafield ind1="4" ind2="0" tag="856"><subfield code="u">http://www.loc.gov/chroniclingamerica/lccn/sn87062253/issues</subfield></datafield></record>